%YAML 1.1
%TAG !u! tag:unity3d.com,2011:
--- !u!1 &1849728401954274732
GameObject:
  m_ObjectHideFlags: 0
  m_CorrespondingSourceObject: {fileID: 0}
  m_PrefabInstance: {fileID: 0}
  m_PrefabAsset: {fileID: 0}
  serializedVersion: 6
  m_Component:
  - component: {fileID: 1849728401954274733}
  m_Layer: 0
  m_Name: Sombrilla 1
  m_TagString: Untagged
  m_Icon: {fileID: 0}
  m_NavMeshLayer: 0
  m_StaticEditorFlags: 0
  m_IsActive: 1
--- !u!4 &1849728401954274733
Transform:
  m_ObjectHideFlags: 0
  m_CorrespondingSourceObject: {fileID: 0}
  m_PrefabInstance: {fileID: 0}
  m_PrefabAsset: {fileID: 0}
  m_GameObject: {fileID: 1849728401954274732}
  m_LocalRotation: {x: -0.7071068, y: -0, z: -0, w: 0.7071068}
  m_LocalPosition: {x: -17.7, y: -0.9, z: 11.823547}
  m_LocalScale: {x: 3.158561, y: 3.158562, z: 3.158562}
  m_Children:
  - {fileID: 2171077326699388029}
  - {fileID: 2171077325010449840}
  - {fileID: 2171077325901598075}
  m_Father: {fileID: 0}
  m_RootOrder: 0
  m_LocalEulerAnglesHint: {x: 0, y: 0, z: 0}
--- !u!1001 &1849728400645634966
PrefabInstance:
  m_ObjectHideFlags: 0
  serializedVersion: 2
  m_Modification:
    m_TransformParent: {fileID: 1849728401954274733}
    m_Modifications:
    - target: {fileID: -8679921383154817045, guid: cd5b5bde5e5572c4e9a0da19eec2ab3e, type: 3}
      propertyPath: m_RootOrder
      value: 0
      objectReference: {fileID: 0}
    - target: {fileID: -8679921383154817045, guid: cd5b5bde5e5572c4e9a0da19eec2ab3e, type: 3}
      propertyPath: m_LocalScale.x
      value: 1
      objectReference: {fileID: 0}
    - target: {fileID: -8679921383154817045, guid: cd5b5bde5e5572c4e9a0da19eec2ab3e, type: 3}
      propertyPath: m_LocalScale.y
      value: 1
      objectReference: {fileID: 0}
    - target: {fileID: -8679921383154817045, guid: cd5b5bde5e5572c4e9a0da19eec2ab3e, type: 3}
      propertyPath: m_LocalScale.z
      value: 1
      objectReference: {fileID: 0}
    - target: {fileID: -8679921383154817045, guid: cd5b5bde5e5572c4e9a0da19eec2ab3e, type: 3}
      propertyPath: m_LocalPosition.x
      value: 0
      objectReference: {fileID: 0}
    - target: {fileID: -8679921383154817045, guid: cd5b5bde5e5572c4e9a0da19eec2ab3e, type: 3}
      propertyPath: m_LocalPosition.y
      value: 0
      objectReference: {fileID: 0}
    - target: {fileID: -8679921383154817045, guid: cd5b5bde5e5572c4e9a0da19eec2ab3e, type: 3}
      propertyPath: m_LocalPosition.z
      value: 0
      objectReference: {fileID: 0}
    - target: {fileID: -8679921383154817045, guid: cd5b5bde5e5572c4e9a0da19eec2ab3e, type: 3}
      propertyPath: m_LocalRotation.w
      value: 1
      objectReference: {fileID: 0}
    - target: {fileID: -8679921383154817045, guid: cd5b5bde5e5572c4e9a0da19eec2ab3e, type: 3}
      propertyPath: m_LocalRotation.x
      value: -0
      objectReference: {fileID: 0}
    - target: {fileID: -8679921383154817045, guid: cd5b5bde5e5572c4e9a0da19eec2ab3e, type: 3}
      propertyPath: m_LocalRotation.y
      value: -0
      objectReference: {fileID: 0}
    - target: {fileID: -8679921383154817045, guid: cd5b5bde5e5572c4e9a0da19eec2ab3e, type: 3}
      propertyPath: m_LocalRotation.z
      value: -0
      objectReference: {fileID: 0}
    - target: {fileID: -8679921383154817045, guid: cd5b5bde5e5572c4e9a0da19eec2ab3e, type: 3}
      propertyPath: m_LocalEulerAnglesHint.x
      value: 0
      objectReference: {fileID: 0}
    - target: {fileID: -8679921383154817045, guid: cd5b5bde5e5572c4e9a0da19eec2ab3e, type: 3}
      propertyPath: m_LocalEulerAnglesHint.y
      value: 0
      objectReference: {fileID: 0}
    - target: {fileID: -8679921383154817045, guid: cd5b5bde5e5572c4e9a0da19eec2ab3e, type: 3}
      propertyPath: m_LocalEulerAnglesHint.z
      value: 0
      objectReference: {fileID: 0}
    - target: {fileID: 919132149155446097, guid: cd5b5bde5e5572c4e9a0da19eec2ab3e, type: 3}
      propertyPath: m_Name
      value: sombrilla_lowpoly
      objectReference: {fileID: 0}
    m_RemovedComponents: []
  m_SourcePrefab: {fileID: 100100000, guid: cd5b5bde5e5572c4e9a0da19eec2ab3e, type: 3}
--- !u!4 &2171077326699388029 stripped
Transform:
  m_CorrespondingSourceObject: {fileID: -8679921383154817045, guid: cd5b5bde5e5572c4e9a0da19eec2ab3e, type: 3}
  m_PrefabInstance: {fileID: 1849728400645634966}
  m_PrefabAsset: {fileID: 0}
--- !u!1001 &1849728401409600144
PrefabInstance:
  m_ObjectHideFlags: 0
  serializedVersion: 2
  m_Modification:
    m_TransformParent: {fileID: 1849728401954274733}
    m_Modifications:
    - target: {fileID: -8679921383154817045, guid: 9db69fab4eab71545bd536fab3045036, type: 3}
      propertyPath: m_RootOrder
      value: 2
      objectReference: {fileID: 0}
    - target: {fileID: -8679921383154817045, guid: 9db69fab4eab71545bd536fab3045036, type: 3}
      propertyPath: m_LocalScale.x
      value: 1.0079588
      objectReference: {fileID: 0}
    - target: {fileID: -8679921383154817045, guid: 9db69fab4eab71545bd536fab3045036, type: 3}
      propertyPath: m_LocalScale.y
      value: 1.0079583
      objectReference: {fileID: 0}
    - target: {fileID: -8679921383154817045, guid: 9db69fab4eab71545bd536fab3045036, type: 3}
      propertyPath: m_LocalScale.z
      value: 1.0079585
      objectReference: {fileID: 0}
    - target: {fileID: -8679921383154817045, guid: 9db69fab4eab71545bd536fab3045036, type: 3}
      propertyPath: m_LocalPosition.x
      value: -0.68068963
      objectReference: {fileID: 0}
    - target: {fileID: -8679921383154817045, guid: 9db69fab4eab71545bd536fab3045036, type: 3}
      propertyPath: m_LocalPosition.y
      value: 0.11826505
      objectReference: {fileID: 0}
    - target: {fileID: -8679921383154817045, guid: 9db69fab4eab71545bd536fab3045036, type: 3}
      propertyPath: m_LocalPosition.z
      value: 0.25961187
      objectReference: {fileID: 0}
    - target: {fileID: -8679921383154817045, guid: 9db69fab4eab71545bd536fab3045036, type: 3}
      propertyPath: m_LocalRotation.w
      value: -0.023158567
      objectReference: {fileID: 0}
    - target: {fileID: -8679921383154817045, guid: 9db69fab4eab71545bd536fab3045036, type: 3}
      propertyPath: m_LocalRotation.x
      value: -0
      objectReference: {fileID: 0}
    - target: {fileID: -8679921383154817045, guid: 9db69fab4eab71545bd536fab3045036, type: 3}
      propertyPath: m_LocalRotation.y
      value: -0
      objectReference: {fileID: 0}
    - target: {fileID: -8679921383154817045, guid: 9db69fab4eab71545bd536fab3045036, type: 3}
      propertyPath: m_LocalRotation.z
      value: 0.9997319
      objectReference: {fileID: 0}
    - target: {fileID: -8679921383154817045, guid: 9db69fab4eab71545bd536fab3045036, type: 3}
      propertyPath: m_LocalEulerAnglesHint.x
      value: -90
      objectReference: {fileID: 0}
    - target: {fileID: -8679921383154817045, guid: 9db69fab4eab71545bd536fab3045036, type: 3}
      propertyPath: m_LocalEulerAnglesHint.y
      value: 0
      objectReference: {fileID: 0}
    - target: {fileID: -8679921383154817045, guid: 9db69fab4eab71545bd536fab3045036, type: 3}
      propertyPath: m_LocalEulerAnglesHint.z
      value: 182.654
      objectReference: {fileID: 0}
    - target: {fileID: -7511558181221131132, guid: 9db69fab4eab71545bd536fab3045036, type: 3}
      propertyPath: m_Materials.Array.data[0]
      value: 
      objectReference: {fileID: 2100000, guid: 7470d882aa6bc854ebf9c313e8482f77, type: 2}
    - target: {fileID: 919132149155446097, guid: 9db69fab4eab71545bd536fab3045036, type: 3}
      propertyPath: m_Name
      value: tumbona (1)
      objectReference: {fileID: 0}
    m_RemovedComponents: []
  m_SourcePrefab: {fileID: 100100000, guid: 9db69fab4eab71545bd536fab3045036, type: 3}
--- !u!4 &2171077325901598075 stripped
Transform:
  m_CorrespondingSourceObject: {fileID: -8679921383154817045, guid: 9db69fab4eab71545bd536fab3045036, type: 3}
  m_PrefabInstance: {fileID: 1849728401409600144}
  m_PrefabAsset: {fileID: 0}
--- !u!1001 &1849728402326180443
PrefabInstance:
  m_ObjectHideFlags: 0
  serializedVersion: 2
  m_Modification:
    m_TransformParent: {fileID: 1849728401954274733}
    m_Modifications:
    - target: {fileID: -8679921383154817045, guid: 9db69fab4eab71545bd536fab3045036, type: 3}
      propertyPath: m_RootOrder
      value: 1
      objectReference: {fileID: 0}
    - target: {fileID: -8679921383154817045, guid: 9db69fab4eab71545bd536fab3045036, type: 3}
      propertyPath: m_LocalScale.x
      value: 1.0079588
      objectReference: {fileID: 0}
    - target: {fileID: -8679921383154817045, guid: 9db69fab4eab71545bd536fab3045036, type: 3}
      propertyPath: m_LocalScale.y
      value: 1.0079583
      objectReference: {fileID: 0}
    - target: {fileID: -8679921383154817045, guid: 9db69fab4eab71545bd536fab3045036, type: 3}
      propertyPath: m_LocalScale.z
      value: 1.0079585
      objectReference: {fileID: 0}
    - target: {fileID: -8679921383154817045, guid: 9db69fab4eab71545bd536fab3045036, type: 3}
      propertyPath: m_LocalPosition.x
      value: 0.72184795
      objectReference: {fileID: 0}
    - target: {fileID: -8679921383154817045, guid: 9db69fab4eab71545bd536fab3045036, type: 3}
      propertyPath: m_LocalPosition.y
      value: 0.18475102
      objectReference: {fileID: 0}
    - target: {fileID: -8679921383154817045, guid: 9db69fab4eab71545bd536fab3045036, type: 3}
      propertyPath: m_LocalPosition.z
      value: 0.25961187
      objectReference: {fileID: 0}
    - target: {fileID: -8679921383154817045, guid: 9db69fab4eab71545bd536fab3045036, type: 3}
      propertyPath: m_LocalRotation.w
      value: -0.023158567
      objectReference: {fileID: 0}
    - target: {fileID: -8679921383154817045, guid: 9db69fab4eab71545bd536fab3045036, type: 3}
      propertyPath: m_LocalRotation.x
      value: -0
      objectReference: {fileID: 0}
    - target: {fileID: -8679921383154817045, guid: 9db69fab4eab71545bd536fab3045036, type: 3}
      propertyPath: m_LocalRotation.y
      value: -0
      objectReference: {fileID: 0}
    - target: {fileID: -8679921383154817045, guid: 9db69fab4eab71545bd536fab3045036, type: 3}
      propertyPath: m_LocalRotation.z
      value: 0.9997319
      objectReference: {fileID: 0}
    - target: {fileID: -8679921383154817045, guid: 9db69fab4eab71545bd536fab3045036, type: 3}
      propertyPath: m_LocalEulerAnglesHint.x
      value: -90
      objectReference: {fileID: 0}
    - target: {fileID: -8679921383154817045, guid: 9db69fab4eab71545bd536fab3045036, type: 3}
      propertyPath: m_LocalEulerAnglesHint.y
      value: 0
      objectReference: {fileID: 0}
    - target: {fileID: -8679921383154817045, guid: 9db69fab4eab71545bd536fab3045036, type: 3}
      propertyPath: m_LocalEulerAnglesHint.z
      value: 182.654
      objectReference: {fileID: 0}
    - target: {fileID: -7511558181221131132, guid: 9db69fab4eab71545bd536fab3045036, type: 3}
      propertyPath: m_Materials.Array.data[0]
      value: 
      objectReference: {fileID: 2100000, guid: 7470d882aa6bc854ebf9c313e8482f77, type: 2}
    - target: {fileID: 919132149155446097, guid: 9db69fab4eab71545bd536fab3045036, type: 3}
      propertyPath: m_Name
      value: tumbona
      objectReference: {fileID: 0}
    m_RemovedComponents: []
  m_SourcePrefab: {fileID: 100100000, guid: 9db69fab4eab71545bd536fab3045036, type: 3}
--- !u!4 &2171077325010449840 stripped
Transform:
  m_CorrespondingSourceObject: {fileID: -8679921383154817045, guid: 9db69fab4eab71545bd536fab3045036, type: 3}
  m_PrefabInstance: {fileID: 1849728402326180443}
  m_PrefabAsset: {fileID: 0}
